<?xml version="1.0" encoding="UTF-8"?><collection xmlns="http://www.loc.gov/MARC21/slim"><record><leader>00579nam--2200193-i-4500</leader><controlfield tag="001">000048029</controlfield><controlfield tag="002">20161230</controlfield><controlfield tag="005">20161230201046</controlfield><controlfield tag="008">060222s1000------------r-----000-0-eng-d</controlfield><datafield ind1=" " ind2=" " tag="040"><subfield code="a">IFIN-HH</subfield></datafield><datafield ind1=" " ind2=" " tag="080"><subfield code="a">58.0:537.226.4</subfield></datafield><datafield ind1="1" ind2=" " tag="100"><subfield code="a">Kuper, C. G</subfield></datafield><datafield ind1="1" ind2="0" tag="245"><subfield code="a">Polarons and excitations</subfield><subfield code="b">Scottish universities summer school 1962</subfield><subfield code="c">C.g. kuper, g.d. whitfield (eds.)</subfield></datafield><datafield ind1=" " ind2=" " tag="260"><subfield code="a">Edinburgh</subfield><subfield code="b">Oliver And Boyd</subfield><subfield code="c">1963</subfield></datafield><datafield ind1=" " ind2=" " tag="300"><subfield code="a">XVI+381P</subfield></datafield><datafield ind1=" " ind2=" " tag="490"><subfield code="a">Scottish Universities Summer School</subfield></datafield><datafield ind1="1" ind2=" " tag="700"><subfield code="a">Whitfield , G.D</subfield><subfield code="e">Ed</subfield></datafield><datafield ind1=" " ind2=" " tag="852"><subfield code="a">19029</subfield><subfield code="c">539.2</subfield></datafield><datafield ind1=" " ind2=" " tag="CAT"><subfield code="a">Sys</subfield><subfield code="c">20121010</subfield><subfield code="h">171335</subfield></datafield></record></collection>